@article{cai2018,
  author = {Cai, L. and He, X. and Dai, Y. and Zhu, K.},
  title = {Research on B2B2C E-commerce Website Design Based on User Experience},
  journal = {Journal of Physics: Conference Series},
  volume = {1087},
  pages = {062004},
  year = {2018},
  doi = {https://doi.org/10.1088/1742-6596/1087/6/06204}
}

@article{firmansyah2024,
  author = {Firmansyah, B. and Inan, D. I. and Juita, R. and Sanglise, M.},
  title = {Designing UI/UX Thrift Shop Website Using User Centered Design (UCD) Method (Case Study: Backfold Market)},
  journal = {GTech},
  volume = {8},
  number = {2},
  year = {2024},
  doi = {https://doi.org/10.33379/gtech.v8i2.4040}
}

@article{ashfaq2019,
  author = {Ashfaq, M. and Yun, J. and Waheed, A. and Khan, M. S. and Farrukh, M.},
  title = {Customers' Expectation, Satisfaction, and Repurchase Intention of Used Products Online: Empirical Evidence From China},
  journal = {SAGE Open},
  volume = {9},
  number = {2},
  pages = {2158244019846212},
  year = {2019},
  doi = {https://doi.org/10.1177/2158244019846212}
}

@article{grant2007,
  author = {Grant, R. and Clarke, R. J. and Kyriazis, E.},
  title = {A Review of Factors Affecting Online Consumer Search Behaviour from an Information Value Perspective},
  journal = {Journal of Marketing Management},
  volume = {23},
  number = {5-6},
  pages = {519--533},
  year = {2007},
  doi = {https://doi.org/10.1362/026725707X212801}
}

@article{lundblad2015,
  author = {Lundblad, L. and Davies, I. A.},
  title = {The Values and Motivations Behind Sustainable Fashion Consumption},
  journal = {Journal of Consumer Behaviour},
  volume = {15},
  number = {2},
  pages = {149--162},
  year = {2016},
  doi = {https://doi-org.oxy.idm.oclc.org/10.1002/cb.1559},
  note = {Published online November 2015}
}

@misc{un2019,
  author = {{United Nations Environment Programme}},
  title = {Putting the Brakes on Fast Fashion},
  year = {2019},
  url = {https://www.unep.org/news-and-stories/story/putting-brakes-fast-fashion},
  note = {Accessed: \today}
}

@book{fogg2003,
  author = {Fogg, B. J.},
  title = {Persuasive Technology: Using Computers to Change What We Think and Do},
  publisher = {Morgan Kaufmann},
  year = {2003},
  isbn = {978-1-55860-643-2},
  doi = {https://doi.org/10.1016/B978-1-55860-643-2.X5000-8}
}

@inproceedings{gray2018,
  author = {Gray, Colin M. and Kou, Yubo and Battles, Bryan and Hoggatt, Joseph and Toombs, Austin L.},
  title = {The Dark (Patterns) Side of UX Design},
  booktitle = {Proceedings of the 2018 CHI Conference on Human Factors in Computing Systems},
  pages = {1--14},
  year = {2018},
  doi = {https://doi.org/10.1145/3173574.3174108}
}

@article{maier2020darkpatterns,
  author = {Maier, Maximilian and Harr, Rikard},
  title = {Dark Design Patterns: An End-User Perspective},
  journal = {Human Technology},
  volume = {16},
  number = {2},
  pages = {170--199},
  year = {2020},
  doi = {https://doi.org/10.17011/ht/urn.202008245641}
}


@article{steward2020shirt,
  author = {Steward, S.},
  title = {What does that shirt mean to you? Thrift-store consumption as cultural capital},
  journal = {Journal of Consumer Culture},
  volume = {20},
  number = {4},
  pages = {457--477},
  year = {2020},
  doi = {10.1177/1469540517745707},
  url = {https://doi.org/10.1177/1469540517745707}
}

@article{politou2018gdpr,
  author    = {Politou, Eugenia and Alepis, Efthimios and Patsakis, Charalampos},
  title     = {Forgetting personal data and revoking consent under the GDPR: Challenges and proposed solutions},
  journal   = {Journal of Cybersecurity},
  volume    = {4},
  number    = {1},
  year      = {2018},
  doi       = {10.1093/cybsec/tyy001},
  url       = {https://doi.org/10.1093/cybsec/tyy001}
}

@article{botelho2021accessibility,
  author = {Botelho, Fernando H. F.},
  title = {Accessibility to digital technology: Virtual barriers, real opportunities},
  journal = {Assistive Technology},
  volume = {33},
  number = {sup1},
  pages = {27--34},
  year = {2021},
  publisher = {Taylor \& Francis},
  doi = {10.1080/10400435.2021.1945705},
  url = {https://doi.org/10.1080/10400435.2021.1945705}
}




